<record><leader>00000cas a2200000 a 4500</leader><controlfield tag="001">41066791</controlfield><controlfield tag="008">990330u1880uuuufluwr ne      0    0eng c</controlfield><datafield ind1=" " ind2=" " tag="010"><subfield code="a">sn 99026770 </subfield></datafield><datafield ind1=" " ind2=" " tag="040"><subfield code="a">FUG</subfield><subfield code="b">eng</subfield><subfield code="c">FUG</subfield><subfield code="d">OCLCQ</subfield><subfield code="d">OCLCF</subfield><subfield code="d">OCLCO</subfield></datafield><datafield ind1="1" ind2=" " tag="029"><subfield code="a">AU@</subfield><subfield code="b">000020106193</subfield></datafield><datafield ind1=" " ind2=" " tag="042"><subfield code="a">pcc</subfield></datafield><datafield ind1=" " ind2=" " tag="043"><subfield code="a">n-us-fl</subfield></datafield><datafield ind1="0" ind2="0" tag="245"><subfield code="a">Orange City times and dispatch.</subfield></datafield><datafield ind1="3" ind2="0" tag="246"><subfield code="a">Times and dispatch</subfield></datafield><datafield ind1=" " ind2=" " tag="260"><subfield code="a">Orange City, Volusia County, Fla. :</subfield><subfield code="b">A.E. Sussex</subfield></datafield><datafield ind1=" " ind2=" " tag="300"><subfield code="a">v. :</subfield><subfield code="b">ill.</subfield></datafield><datafield ind1=" " ind2=" " tag="310"><subfield code="a">Weekly</subfield></datafield><datafield ind1="1" ind2=" " tag="362"><subfield code="a">Began in 1880?</subfield></datafield><datafield ind1=" " ind2=" " tag="580"><subfield code="a">Formed by union of: Orange City times (Orange City, Fla. : 1889) and: Orange City dispatch.</subfield></datafield><datafield ind1=" " ind2=" " tag="588"><subfield code="a">Description based on: Vol. 16, no. 24 (Jan. 23, 1896).</subfield></datafield><datafield ind1=" " ind2="0" tag="651"><subfield code="a">Orange City (Fla.)</subfield><subfield code="v">Newspapers.</subfield></datafield><datafield ind1=" " ind2="0" tag="651"><subfield code="a">Volusia County (Fla.)</subfield><subfield code="v">Newspapers.</subfield></datafield><datafield ind1=" " ind2="7" tag="655"><subfield code="a">Newspapers.</subfield><subfield code="2">fast</subfield><subfield code="0">(OCoLC)fst01423814</subfield></datafield><datafield ind1=" " ind2="7" tag="651"><subfield code="a">Florida</subfield><subfield code="z">Orange City.</subfield><subfield code="2">fast</subfield><subfield code="0">(OCoLC)fst01215613</subfield></datafield><datafield ind1=" " ind2="7" tag="651"><subfield code="a">Florida</subfield><subfield code="z">Volusia County.</subfield><subfield code="2">fast</subfield><subfield code="0">(OCoLC)fst01204998</subfield></datafield><datafield ind1=" " ind2=" " tag="752"><subfield code="a">United States</subfield><subfield code="b">Florida</subfield><subfield code="c">Volusia</subfield><subfield code="d">Orange City.</subfield></datafield><datafield ind1="1" ind2="4" tag="780"><subfield code="t">Orange City times (Orange City, Fla. : 1889)</subfield><subfield code="w">(DLC)sn 95047278</subfield><subfield code="w">(OCoLC)33430188</subfield></datafield><datafield ind1="1" ind2="4" tag="780"><subfield code="t">Orange City dispatch</subfield><subfield code="w">(DLC)sn 99026761</subfield><subfield code="w">(OCoLC)41066756</subfield></datafield></record>